<?xml version="1.0" encoding="UTF-8"?><collection xmlns="http://www.loc.gov/MARC21/slim"><record><leader>00454nam--2200193-u-4500</leader><controlfield tag="001">000055849</controlfield><controlfield tag="002">20161230</controlfield><controlfield tag="005">20161230201052</controlfield><controlfield tag="008">130808s1000------------r-----000-0-rus-d</controlfield><datafield ind1=" " ind2=" " tag="040"><subfield code="a">IFIN-HH</subfield></datafield><datafield ind1=" " ind2=" " tag="041"><subfield code="a">rus</subfield></datafield><datafield ind1=" " ind2=" " tag="080"><subfield code="a">519.876.5</subfield></datafield><datafield ind1="1" ind2=" " tag="100"><subfield code="a">Puhov, G.E</subfield></datafield><datafield ind1="1" ind2="0" tag="245"><subfield code="a">Obratimie modeli</subfield><subfield code="c">G.e. puhov, a.f. katov</subfield></datafield><datafield ind1=" " ind2=" " tag="260"><subfield code="a">Moskva</subfield><subfield code="b">Nauka</subfield><subfield code="c">1981</subfield></datafield><datafield ind1=" " ind2=" " tag="300"><subfield code="a">119P</subfield></datafield><datafield ind1="1" ind2=" " tag="700"><subfield code="a">Katov, A.F</subfield></datafield><datafield ind1=" " ind2=" " tag="852"><subfield code="a">49570</subfield><subfield code="c">519.3</subfield></datafield><datafield ind1=" " ind2=" " tag="CAT"><subfield code="a">Sys</subfield><subfield code="c">20130808</subfield><subfield code="h">172208</subfield></datafield></record></collection>